<?xml version="1.0" encoding="UTF-8"?><collection xmlns="http://www.loc.gov/MARC21/slim"><record><leader>00502nam--2200181-i-4500</leader><controlfield tag="001">000043086</controlfield><controlfield tag="002">20161230</controlfield><controlfield tag="005">20161230201043</controlfield><controlfield tag="008">060222s1000------------r-----000-0-eng-d</controlfield><datafield ind1=" " ind2=" " tag="040"><subfield code="a">IFIN-HH</subfield></datafield><datafield ind1=" " ind2=" " tag="080"><subfield code="a">539.12.01</subfield></datafield><datafield ind1="1" ind2=" " tag="100"><subfield code="a">Sudarshan,E.C.G</subfield></datafield><datafield ind1="1" ind2="0" tag="245"><subfield code="a">Lectures on origin of symmetries</subfield><subfield code="c">E.c.g. sudarshan</subfield></datafield><datafield ind1=" " ind2=" " tag="260"><subfield code="a">Madras, India</subfield><subfield code="b">The Institute Of Mathematical Science</subfield><subfield code="c">1966</subfield></datafield><datafield ind1=" " ind2=" " tag="300"><subfield code="a">86P</subfield></datafield><datafield ind1=" " ind2=" " tag="490"><subfield code="a">Matscience Report</subfield><subfield code="v">No 33</subfield></datafield><datafield ind1=" " ind2=" " tag="852"><subfield code="a">27029</subfield><subfield code="c">539.12</subfield></datafield><datafield ind1=" " ind2=" " tag="CAT"><subfield code="a">Sys</subfield><subfield code="c">20111115</subfield><subfield code="h">120405</subfield></datafield></record></collection>